=LDR  03772nam  22004935i 4500
=001  978-1-4614-6120-3
=003  DE-He213
=005  20140502151311.0
=007  cr\nn\008mamaa
=008  140502s2013\\\\xxu|\\\\s\\\\||||\0|eng\d
=020  \\$a9781461461203$9978-1-4614-6120-3
=024  7\$a10.1007/978-1-4614-6120-3doi
=050  \4$aHG1-9999
=050  \4$aHG4501-6051
=050  \4$aHG1501-HG3550
=072  \7$aKFF$2bicssc
=072  \7$aKFFK$2bicssc
=072  \7$aBUS027000$2bisacsh
=072  \7$aBUS004000$2bisacsh
=082  04$a657.8333$223
=082  04$a658.152$223
=100  1\$aSmajgl, Alexander.$eeditor.
=100  1\$aSmajgl, Alexander.$eeditor.
=264  \1$aNew York, NY :$bSpringer New York :$bImprint: Springer,$c2013.
=300  \\$aXI, 231 p. 42 illus.$bonline resource.
=336  \\$atext$btxt$2rdacontent
=337  \\$acomputer$bc$2rdamedia
=338  \\$aonline resource$bcr$2rdacarrier
=347  \\$atext file$bPDF$2rda
=520  \\$aThis book provides a cross-sectoral, multi-scale assessment of development-directed investments in the wider Mekong Region. The wider Mekong Region includes Lao PDR, Cambodia, Thailand, Vietnam, Myanmar and the Chinese Province of Yunnan. This book gives important insight into how future sustainability will depend on the development of effective governance mechanisms at the level of the Mekong region. Evidence highlights a limited set of critical dynamics that generate a high level of connectivity between these countries, including human migration, natural resource flows and increasing levels of private and State financial investments. Besides regional connectivity, this assessment considers cross-sectoral implications, in particular those between the water, food and energy sectors. The majority of nationally planned and implemented development decisions in the wider Mekong Region aim for either improved water access, increased energy supply or improved food security. Investments in any of these three sectors are critical as they are closely linked, harbouring potential trade-offs and unintended side effects. &#xA0; Successfully managing the water, food and energy nexus demands an understanding of direct and indirect connections. A few identified connections are direct trade-offs, for example the use of water for either food or energy crops. Other connections are indirect and their estimated magnitude suggests their critical importance. Identified nexus criticalities include fish stock management, land tenure, risk management of monoculture plantations and migration dynamics. The sustainability of the wider Mekong region will partly depend on how successfully these processes can be managed. Managing nexus criticalities, in contrast to specific sectoral investments, represents an alternate and potentially effective locus of policy intervention and initiative. Using case studies that include mainstream dams in the lower Mekong basin, water diversions between Lao PDR and Thailand, investments in response to rising sea level, this volume provides critical information for researchers and policymakers.&#xA0; &#xA0; The research was generously funded and supported through the AusAID CSIRO Alliance. &#xA0;
=650  \0$aEconomics.
=650  \0$aFinance.
=650  14$aEconomics/Management Science.
=650  24$aFinance/Investment/Banking.
=650  24$aWater Policy/Water Governance/Water Management.
=650  24$aEnergy Policy, Economics and Management.
=650  24$aFinancial Economics.
=700  1\$aWard, John.$eeditor.
=710  2\$aSpringerLink (Online service)
=773  0\$tSpringer eBooks
=776  08$iPrinted edition:$z9781461461197
=856  40$uhttp://dx.doi.org/10.1007/978-1-4614-6120-3
=912  \\$aZDB-2-SBE
=950  \\$aBusiness and Economics (Springer-11643)

