=LDR  03817nam  22004575i 4500
=001  978-1-61091-232-7
=003  DE-He213
=005  20140403022128.0
=007  cr\nn\008mamaa
=008  140401s2012\\\\xxu|\\\\s\\\\||||\0|eng\d
=020  \\$a9781610912327$9978-1-61091-232-7
=024  7\$a10.5822/978-1-61091-232-7$2doi
=050  \4$aQH75-77
=072  \7$aRNK$2bicssc
=072  \7$aNAT011000$2bisacsh
=082  04$a333.72$223
=100  1\$aSchaller, George B.$eauthor.
=245  10$aTibet Wild$h[electronic resource] :$bA Naturalist&#x2019;s Journeys on the Roof of the World /$cby George B. Schaller.
=264  \1$aWashington, DC :$bIsland Press/Center for Resource Economics :$bImprint: Island Press,$c2012.
=300  \\$aX, 390 p.$bonline resource.
=336  \\$atext$btxt$2rdacontent
=337  \\$acomputer$bc$2rdamedia
=338  \\$aonline resource$bcr$2rdacarrier
=347  \\$atext file$bPDF$2rda
=505  0\$aIntroduction -- 1. A Covenant with Chiru -- 2. Riddle of the Calving Ground -- 3. The Longest Walk -- 4. A Deadly Fashion -- 5. A Gift to the Spirit -- 6. The Good Pika -- 7. Chang Tang Traverse -- 8. Feral Naturalist -- 9. Two Mountains and a River -- 10. Into the Hidden Land -- 11. Tibetan Wild Sheep Scandal -- 12. Wild Icon of the Pamirs -- 13. A Bear in the House -- 14. The Snow Leopard -- Selected References -- Index.
=520  \\$aAs one of the world&#x2019;s leading field biologists, George Schaller has spent much of his life traversing wild and isolated places in his quest to understand and conserve threatened species&#x2014;from mountain gorillas in the Virunga to pandas in the Wolong and snow leopards in the Himalaya. Throughout his celebrated career, Schaller has spent more time in Tibet than in any other part of the world, devoting more than thirty years to the wildlife, culture, and landscapes that captured his heart and continue to compel him to protect them. Tibet Wild is Schaller&#x2019;s account of three decades of exploration in the most remote stretches of Tibet: the wide, sweeping rangelands of the Chang Tang and the hidden canyons and plunging ravines of the southeastern forests. As engaging as he is enlightening, Schaller illustrates the daily struggles of a field biologist trying to traverse the impenetrable Chang Tang, discover the calving grounds of the chiru or Tibetan antelope, and understand the movements of the enigmatic snow leopard. As changes in the region accelerated over the years, with more roads, homes, and grazing livestock, Schaller watched the clash between wildlife and people become more common&#x2014;and more destructive. Thus what began as a purely scientific endeavor became a mission: to work with local communities, regional leaders, and national governments to protect the unique ecological richness and culture of the Tibetan Plateau. Whether tracking brown bears, penning fables about the tiny pika, or promoting a conservation preserve that spans the borders of four nations, Schaller has pursued his goal with a persistence and good humor that will inform and charm readers.&#xA0; Tibet Wild is an intimate journey through the changing wilderness of Tibet, guided by the careful gaze and unwavering passion of a life-long naturalist.
=650  \0$aEnvironmental sciences.
=650  \0$aBiodiversity.
=650  \0$aWildlife management.
=650  \0$aNature Conservation.
=650  14$aEnvironment.
=650  24$aNature Conservation.
=650  24$aBiodiversity.
=650  24$aFish & Wildlife Biology & Management.
=650  24$aClimate Change/Climate Change Impacts.
=710  2\$aSpringerLink (Online service)
=773  0\$tSpringer eBooks
=776  08$iPrinted edition:$z9781597264587
=856  40$uhttp://dx.doi.org/10.5822/978-1-61091-232-7
=912  \\$aZDB-2-EES
=950  \\$aEarth and Environmental Science (Springer-11646)

