=LDR  03487nam  22006015i 4500
=001  978-1-907673-94-8
=003  DE-He213
=005  20140723143018.0
=007  cr\nn\008mamaa
=008  140528s2013\\\\xxk|\\\\s\\\\||||\0|eng\d
=020  \\$a9781907673948$9978-1-907673-94-8
=024  7\$a10.1007/978-1-907673-94-8$2doi
=050  \4$aRC254-282
=072  \7$aMJCL$2bicssc
=072  \7$aMED062000$2bisacsh
=082  04$a616.994$223
=100  1\$aAlvarez, Ricardo H.$eauthor.
=245  10$aHandbook of HER2-targeted agents in breast cancer$h[electronic resource] /$cby Ricardo H Alvarez, Javier Cort{acute}es, Leticia Mattos-Arruda, Mary Falzon, Angelica Fasolo, Michael Gandy, Luca Gianni, Nadia Harbeck, Martine Piccart, Stefania Zambelli, Dimitrios Zardavas.
=264  \1$aTarporley :$bSpringer Healthcare Ltd. :$bImprint: Springer Healthcare,$c2013.
=300  \\$aXI, 96 p. 13 illus.$bonline resource.
=336  \\$atext$btxt$2rdacontent
=337  \\$acomputer$bc$2rdamedia
=338  \\$aonline resource$bcr$2rdacarrier
=347  \\$atext file$bPDF$2rda
=505  0\$aIntroduction and background biology -- HER2 testing -- HER2-positive breast cancer: adjuvant and neoadjuvant therapy -- HER2-positive metastatic breast cancer: first-line treatment -- HER2-positive metastatic breast cancer: second-line treatment -- Emerging targeted agents for HER2-positive breast cancer.
=520  \\$aBreast cancer is the most frequently diagnosed cancer and the leading cause of cancer death in women worldwide, accounting for nearly a quarter of the total new cancer cases each year.&#xA0; Of these cases, approximately&#xA0; 15&#x2013;25% overexpress HER2, a transmembrane RTK kinase that is associated with aggressive tumor growth and poor outcomes.&#xA0; However, in the past decade, survival rates of patients with HER-positive breast cancer have significantly improved due to increased screening, HER2 testing, and breakthrough HER2-targeted drug therapies. Handbook of HER2-Targeted Agents in Breast Cancer &#xA0;provides oncologists, primary care physicians, trainees and other healthcare providers with a concise, accessible, and up-to-date survey of the field, including a review of our current understanding of the biology of the HER2 pathway and the rationale for targeting it in early-stage and advanced breast cancer, an overview of HER2-testing, and evidence-based discussions of available HER2-targeted regimens in the adjuvant and metastatic settings.
=650  \0$aMedicine.
=650  \0$aFamily medicine.
=650  \0$aInternal medicine.
=650  \0$aOncology.
=650  \0$aEmergency medicine.
=650  14$aMedicine & Public Health.
=650  24$aOncology.
=650  24$aPrimary Care Medicine.
=650  24$aGeneral Practice / Family Medicine.
=650  24$aInternal Medicine.
=650  24$aPharmacotherapy.
=700  1\$aCort{acute}es, Javier.$eauthor.
=700  1\$aMattos-Arruda, Leticia.$eauthor.
=700  1\$aFalzon, Mary.$eauthor.
=700  1\$aFasolo, Angelica.$eauthor.
=700  1\$aGandy, Michael.$eauthor.
=700  1\$aGianni, Luca.$eauthor.
=700  1\$aHarbeck, Nadia.$eauthor.
=700  1\$aPiccart, Martine.$eauthor.
=700  1\$aZambelli, Stefania.$eauthor.
=700  1\$aZardavas, Dimitrios.$eauthor.
=710  2\$aSpringerLink (Online service)
=773  0\$tSpringer eBooks
=776  08$iPrinted edition:$z9781907673931
=856  40$uhttp://dx.doi.org/10.1007/978-1-907673-94-8
=912  \\$aZDB-2-SME
=950  \\$aMedicine (Springer-11650)

