=LDR  03511nam  22004935i 4500
=001  978-1-907673-96-2
=003  DE-He213
=005  20140618041920.0
=007  cr\nn\008mamaa
=008  140617s2011\\\\xxk|\\\\s\\\\||||\0|eng\d
=020  \\$a9781907673962$9978-1-907673-96-2
=024  7\$a10.1007/978-1-907673-96-2$2doi
=050  \4$aRC434.2-574
=072  \7$aMMH$2bicssc
=072  \7$aMED105000$2bisacsh
=082  04$a616.89$223
=100  1\$aFleischhacker, W. Wolfgang.$eeditor.
=245  10$aEncyclopedia of Schizophrenia$h[electronic resource] :$bFocus on Management Options /$cedited by W. Wolfgang Fleischhacker, Ian P. Stolerman.
=264  \1$aTarporley :$bSpringer Healthcare Ltd. :$bImprint: Springer Healthcare,$c2011.
=300  \\$aV, 273 p. 3 illus., 1 illus. in color.$bonline resource.
=336  \\$atext$btxt$2rdacontent
=337  \\$acomputer$bc$2rdamedia
=338  \\$aonline resource$bcr$2rdacarrier
=347  \\$atext file$bPDF$2rda
=520  \\$aThis mini-encyclopedia aims to provide a survey of the wide range of interventions available for treating schizophrenia at a level appropriate for non-specialists who are beginning their engagement in the area and for others as a source of reference for the specialist. The pharmacological options are considered alongside psychosocial management approaches and the advantages and disadvantages of each treatment modality are outlined. The entries are written by leading experts, including basic and clinical scientists in academia and industry, and include descriptions of many relevant fundamental psychological and biological processes of the disorder. The volume owes much to the Encyclopedia of Psychopharmacology edited by Ian Stolerman IP (published by Springer-Verlag in 2010), from which some entries are reproduced. Where entries deal with pharmacological interventions, the aim is to provide detailed information on the neuropsychopharmacology of the substances from domains such as clinical, experimental, and molecular pharmacology, insofar as they impact upon understanding of schizophrenia. Articles on non-drug interventions review the most recent evidence base related to commonly applied psychotherapeutic and rehabilitative measures. Other essays focus upon the key concepts and research methods used in the field, describing the main features of investigative techniques and outlining their roles, the types of information obtained and why they are needed; the advantages and limitations of a technique may also be summarized. The essays are complemented by many short definitions of important terms; in the interest of ease of reading, these definitions are not assigned to named authors; they are typically related to specific essays that they cross-reference and relevant authorship details can be found in the latter. &#xA0;
=650  \0$aMedicine.
=650  \0$aPsychiatry.
=650  \0$aPsychopharmacology.
=650  \0$aPsychotherapy.
=650  \0$aPsychology, clinical.
=650  \0$aApplied psychology.
=650  14$aMedicine & Public Health.
=650  24$aPsychiatry.
=650  24$aPsychopharmacology.
=650  24$aPsychotherapy.
=650  24$aClinical Psychology.
=650  24$aPsychotherapy and Counseling.
=700  1\$aStolerman, Ian P.$eeditor.
=710  2\$aSpringerLink (Online service)
=773  0\$tSpringer eBooks
=776  08$iPrinted edition:$z9781907673177
=856  40$uhttp://dx.doi.org/10.1007/978-1-907673-96-2
=912  \\$aZDB-2-SME
=950  \\$aMedicine (Springer-11650)

