=LDR  02325nam  22004335i 4500
=001  978-1-908517-66-1
=003  DE-He213
=005  20140602110959.0
=007  cr\nn\008mamaa
=008  140602s2012\\\\xxk|\\\\s\\\\||||\0|eng\d
=020  \\$a9781908517661$9978-1-908517-66-1
=024  7\$a10.1007/978-1-908517-66-1$2doi
=050  \4$aR1
=072  \7$aMB$2bicssc
=072  \7$aMED000000$2bisacsh
=082  04$a610$223
=100  1\$aBosworth, Hayden B.$eauthor.
=245  10$aEnhancing Medication Adherence$h[electronic resource] :$bThe Public Health Dilemma /$cby Hayden B Bosworth.
=264  \1$aTarporley :$bSpringer Healthcare Ltd. :$bImprint: Springer Healthcare,$c2012.
=300  \\$aIX, 60 p. 2 illus. in color.$bonline resource.
=336  \\$atext$btxt$2rdacontent
=337  \\$acomputer$bc$2rdamedia
=338  \\$aonline resource$bcr$2rdacarrier
=347  \\$atext file$bPDF$2rda
=505  0\$aDefining medication nonadherence -- Causes of medication nonadherence -- Methods for determining medication adherence -- Evaluating adherence-enhancing interventions -- The role of healthcare providers in medication adherence -- Medication intervention recommendations -- Future directions and recommendations.
=520  \\$aEnhancing Medication Adherence: The Public Health Dilemma is a comprehensive guide to medication adherence for the healthcare professional. Clinicians and pharmacists alike can benefit from key opinion leader and author Hayden Bosworth&#x2019;s text as he explains the details and causes behind medication nonadherence as well as methods on how healthcare providers can determine if a patient is nonadherent. Additionally, Bosworth discusses various studies, which assess adherence, adherence-related technology, best practices for clinicians and pharmacists, and future directions and recommendations in the field.
=650  \0$aMedicine.
=650  \0$aPharmacy.
=650  \0$aPhilosophy (General).
=650  14$aMedicine & Public Health.
=650  24$aMedicine/Public Health, general.
=650  24$aPharmacy.
=650  24$aPsychology, general.
=710  2\$aSpringerLink (Online service)
=773  0\$tSpringer eBooks
=776  08$iPrinted edition:$z9781908517470
=856  40$uhttp://dx.doi.org/10.1007/978-1-908517-66-1
=912  \\$aZDB-2-SME
=950  \\$aMedicine (Springer-11650)

