=LDR  03518nam  22004815i 4500
=001  978-2-8178-0451-4
=003  DE-He213
=005  20140714063047.0
=007  cr\nn\008mamaa
=008  140714s2013\\\\fr\|\\\\s\\\\||||\0|eng\d
=020  \\$a9782817804514$9978-2-8178-0451-4
=024  7\$a10.1007/978-2-8178-0451-4$2doi
=050  \4$aHD87-87.55
=072  \7$aKCP$2bicssc
=072  \7$aPOL024000$2bisacsh
=082  04$a338.9$223
=100  1\$aChopin, Thierry.$eeditor.
=245  10$aSchuman Report on Europe$h[electronic resource] :$bState of the Union 2013 /$cedited by Thierry Chopin, Michel Foucher.
=264  \1$aParis :$bSpringer Paris :$bImprint: Springer,$c2013.
=300  \\$aXVIII, 211 p.$bonline resource.
=336  \\$atext$btxt$2rdacontent
=337  \\$acomputer$bc$2rdamedia
=338  \\$aonline resource$bcr$2rdacarrier
=347  \\$atext file$bPDF$2rda
=505  0\$aThe European Union and the economic crisis: between defending national interests and progress towards integration -- Towards true European economic union -- Europe in the world: between values and interests -- Interview -- Summary of political and legal Europe -- The European Union in figures.
=520  \\$aThe Schuman Report on the State of the Union is a work of reference which everyone now looks forward to reading every year. For decision makers and observers of European policy it is a source of original thought and ideas, underpinned by a strong requirement for quality. It is a tool for those who are looking for reliable sources in terms of European statistics and macro-economic data. Some eminent people have chosen to contribute their ideas also. In 2013, Josef Ackermann, former CEO of Deutsche Bank, Chairman of the Board of Directors of Zurich Insurance Group , offers his analysis of the banking Union, Lord Dykes, Foreign Affairs Spokesperson for the LibDems in the House of Lords, provides readers with his view of the future for the UK in the European Union and Alain Lamassoure, MEP, Chairman of the Budget Committee in the European Parliament, suggests a budgetary federation.The very best specialists help to throw light on the major trends ongoing in the economy and also in international and European politics. This book includes around 35 maps that are often unique, in explanation of the major issues the Union is facing. It also includes a summary of political Europe which analyses the 2012 electoral year (among France, Greece, The Netherlands, Romania), looks into the political and economic representation of women in Europe and draws up an overview of normative output in the Union in 2012. A unique series of commented statistics and maps covers all of the main topical issues (growth, buying power, economy, demography, immigration, energy, environment) and enables the Schuman Report 2013 to present a full view of the European Union and its policies.
=650  \0$aEconomics.
=650  \0$aEconomic policy.
=650  \0$aEurope$xEconomic policy.
=650  \0$aFinance.
=650  \0$aCommercial law.
=650  14$aEconomics/Management Science.
=650  24$aEconomic Policy.
=650  24$aEuropean Integration.
=650  24$aFinancial Economics.
=650  24$aLaw and Economics.
=700  1\$aFoucher, Michel.$eeditor.
=710  2\$aSpringerLink (Online service)
=773  0\$tSpringer eBooks
=776  08$iPrinted edition:$z9782817804507
=856  40$uhttp://dx.doi.org/10.1007/978-2-8178-0451-4
=912  \\$aZDB-2-SBE
=950  \\$aBusiness and Economics (Springer-11643)

