=LDR  02343nam  22004215i 4500
=001  978-3-0348-0393-9
=003  DE-He213
=005  20140516172121.0
=007  cr\nn\008mamaa
=008  140515s2012\\\\sz\|\\\\s\\\\||||\0|eng\d
=020  \\$a9783034803939$9978-3-0348-0393-9
=024  7\$a10.1007/978-3-0348-0393-9$2doi
=050  \4$aQA1-939
=072  \7$aPB$2bicssc
=072  \7$aMAT000000$2bisacsh
=082  04$a510$223
=100  1\$aWilliams, Kim.$eeditor.
=245  10$aArchitecture, Systems Research and Computational Sciences$h[electronic resource] /$cedited by Kim Williams.
=264  \1$aBasel :$bSpringer Basel :$bImprint: Birkh{uml}auser,$c2012.
=300  \\$aV, 195 p.$bonline resource.
=336  \\$atext$btxt$2rdacontent
=337  \\$acomputer$bc$2rdamedia
=338  \\$aonline resource$bcr$2rdacarrier
=347  \\$atext file$bPDF$2rda
=490  1\$aNexus Network Journal ;$v14,1
=520  \\$aThe Winter 2012 (vol. 14 no. 1) issue of the Nexus Network Journal is dedicated to the theme {esc}(3z{esc}(BArchitecture, Systems Research and Computational Sciences{esc}(3y.{esc}(B This is an outgrowth of the session by the same name which took place during the eighth international, interdisciplinary conference {esc}(3z{esc}(BNexus 2010: Relationships between Architecture and Mathematics, held in Porto, Portugal, in June 2010. Today computer science is an integral part of even strictly historical investigations, such as those concerning the construction of vaults, where the computer is used to survey the existing building, analyse the data and draw the ideal solution. What the papers in this issue make especially evident is that information technology has had an impact at a much deeper level as well: architecture itself can now be considered as a manifestation of information and as a complex system. The issue is completed with other research papers, conference reports and book reviews.
=650  \0$aMathematics.
=650  \0$aArchitecture.
=650  14$aMathematics.
=650  24$aMathematics, general.
=650  24$aArchitecture, general.
=710  2\$aSpringerLink (Online service)
=773  0\$tSpringer eBooks
=776  08$iPrinted edition:$z9783034803922
=830  \0$aNexus Network Journal ;$v14,1
=856  40$uhttp://dx.doi.org/10.1007/978-3-0348-0393-9
=912  \\$aZDB-2-SMA
=950  \\$aMathematics and Statistics (Springer-11649)

