=LDR  03136nam  22004335i 4500
=001  978-3-642-20086-1
=003  DE-He213
=005  20140508093343.0
=007  cr\nn\008mamaa
=008  140508s2011\\\\gw\|\\\\s\\\\||||\0|eng\d
=020  \\$a9783642200861$9978-3-642-20086-1
=024  7\$a10.1007/978-3-642-20086-1$2doi
=050  \4$aRB1-214
=072  \7$aMMF$2bicssc
=072  \7$aMED067000$2bisacsh
=082  04$a616.07$223
=100  1\$aRekhtman, Natasha.$eauthor.
=245  10$aQuick Reference Handbook for Surgical Pathologists$h[electronic resource] /$cby Natasha Rekhtman, Justin A. Bishop.
=264  \1$aBerlin, Heidelberg :$bSpringer Berlin Heidelberg :$bImprint: Springer,$c2011.
=300  \\$aXXIII, 180 p. 183 illus.$bonline resource.
=336  \\$atext$btxt$2rdacontent
=337  \\$acomputer$bc$2rdamedia
=338  \\$aonline resource$bcr$2rdacarrier
=347  \\$atext file$bPDF$2rda
=505  0\$aImmunostains: Introduction -- Immunostains: Antibody Index -- Special Stains -- Grading -- Potpourri of Quick Morphologic References -- Tumor Syndromes -- Tumor Genetics and Cytogenetics -- Potpourri of Quick Clinical References for Pathologists -- Pathology Web Resources -- CTP Coding -- Illustrated Glossary of Histopathologic Descriptors.
=520  \\$aThis book is a compilation of high-yield, at-a-glance summaries for various topics on which pathologists frequently need information in a quick reference format while at the microscope (or when cramming for the boards). The authors are early-career pathologists who have compiled this book from the perspective of pathologists-in-training. The focus is not organ-based histologic criteria, but rather everything else that goes into pathologic diagnoses but is difficult to keep committed to memory. The emphasis is on immunohistochemistry, special stains, grading systems, molecular markers, tumor syndromes, and helpful clinical references. Also included are morphologic summaries that encompass high-yield material cutting across all organ systems, such as an illustrated guide for microorganisms, tumor differentials, and an illustrated glossary. The book has a unique format in that the information is presented primarily in tables and diagrams accompanied by minimal explanatory text. The guiding principle was to boil the information down to the essentials but with just enough commentary to be accessible to a newcomer to pathology. This book is intended to serve as a &#x2018;peripheral brain&#x2019; for pathology residents where frequently needed information is readily accessible and easy to navigate. &#xA0;The book may also be of interest to practicing pathologists as a quick reference by the microscope.&#xA0;
=650  \0$aMedicine.
=650  \0$aPathology.
=650  \0$aSurgery.
=650  14$aMedicine & Public Health.
=650  24$aPathology.
=650  24$aSurgery.
=700  1\$aBishop, Justin A.$eauthor.
=710  2\$aSpringerLink (Online service)
=773  0\$tSpringer eBooks
=776  08$iPrinted edition:$z9783642200854
=856  40$uhttp://dx.doi.org/10.1007/978-3-642-20086-1
=912  \\$aZDB-2-SME
=950  \\$aMedicine (Springer-11650)

