=LDR  03179nam  22004815i 4500
=001  978-3-642-30087-5
=003  DE-He213
=005  20141213031429.0
=007  cr\nn\008mamaa
=008  141212s2013\\\\gw\|\\\\s\\\\||||\0|eng\d
=020  \\$a9783642300875$9978-3-642-30087-5
=024  7\$a10.1007/978-3-642-30087-5$2doi
=050  \4$aTA405-409.3
=050  \4$aQA808.2
=072  \7$aTG$2bicssc
=072  \7$aTEC009070$2bisacsh
=072  \7$aTEC021000$2bisacsh
=082  04$a620.1$223
=100  1\$aFang, Daining.$eauthor.
=245  10$aFracture Mechanics of Piezoelectric and Ferroelectric Solids$h[electronic resource] /$cby Daining Fang, Jinxi Liu.
=264  \1$aBerlin, Heidelberg :$bSpringer Berlin Heidelberg :$bImprint: Springer,$c2013.
=300  \\$aXX, 417 p.$bonline resource.
=336  \\$atext$btxt$2rdacontent
=337  \\$acomputer$bc$2rdamedia
=338  \\$aonline resource$bcr$2rdacarrier
=347  \\$atext file$bPDF$2rda
=505  0\$aIntroduction -- Physical and Material Properties of Dielectrics -- Fracture of Piezoelectric/Ferroelectric Materials-Experiments and Results -- Basic Equations of Piezoelectric Materials -- General Solutions to Electromechanical Coupling Problems of Piezoelectric Materials -- Fracture Mechanics of Homogeneous Piezoelectric Materials -- Interface Fracture Mechanics of Piezoelectric Materials -- Dynamic Fracture Mechanics of Piezoelectric Materials -- Nonlinear Fracture Mechanics of Ferroelectric Materials -- Fracture Criteria -- Electroelastic Concentrations Induced by Electrodes in Piezoelectric Materials -- Electric-Induced Fatigue Fracture -- Numerical Method for Analyzing Fracture of Piezoelectric and Ferroelectric Materials.
=520  \\$aFracture Mechanics of Piezoelectric and Ferroelectric Solids presents a systematic and comprehensive coverage of the fracture mechanics of piezoelectric/ferroelectric materials, which includes the theoretical analysis, numerical computations and experimental observations. The main emphasis is placed on the mechanics description of various crack problems such static, dynamic and interface fractures as well as the physical explanations for the mechanism of electrically induced fracture. The book is intended for postgraduate students, researchers and engineers in the fields of solid mechanics, applied physics, material science and mechanical engineering. Dr. Daining Fang is a professor at the School of Aerospace, Tsinghua University, China; Dr. Jinxi Liu is a professor at the Department of Engineering Mechanics, Shijiazhuang Railway Institute, China.
=650  \0$aEngineering.
=650  \0$aMaterials.
=650  \0$aMechanical engineering.
=650  \0$aSurfaces (Physics).
=650  14$aEngineering.
=650  24$aContinuum Mechanics and Mechanics of Materials.
=650  24$aCharacterization and Evaluation of Materials.
=650  24$aMechanical Engineering.
=700  1\$aLiu, Jinxi.$eauthor.
=710  2\$aSpringerLink (Online service)
=773  0\$tSpringer eBooks
=776  08$iPrinted edition:$z9783642300868
=856  40$uhttp://dx.doi.org/10.1007/978-3-642-30087-5
=912  \\$aZDB-2-ENG
=950  \\$aEngineering (Springer-11647)

