=LDR  04376nam  22004335i 4500
=001  978-3-642-32530-4
=003  DE-He213
=005  20141213021230.0
=007  cr\nn\008mamaa
=008  141212s2013\\\\gw\|\\\\s\\\\||||\0|eng\d
=020  \\$a9783642325304$9978-3-642-32530-4
=024  7\$a10.1007/978-3-642-32530-4$2doi
=050  \4$aGB5000-5030
=072  \7$aRNR$2bicssc
=072  \7$aNAT023000$2bisacsh
=082  04$a551$223
=100  1\$aQu, John J.$eeditor.
=245  10$aRemote Sensing and Modeling Applications to Wildland Fires$h[electronic resource] /$cedited by John J. Qu, William T. Sommers, Ruixin Yang, Allen R. Riebau.
=264  \1$aBerlin, Heidelberg :$bSpringer Berlin Heidelberg :$bImprint: Springer,$c2013.
=300  \\$aXVIII, 374 p.$bonline resource.
=336  \\$atext$btxt$2rdacontent
=337  \\$acomputer$bc$2rdamedia
=338  \\$aonline resource$bcr$2rdacarrier
=347  \\$atext file$bPDF$2rda
=505  0\$aResearch Needs and Programs -- Introduction of Wildland Fires -- Introduction of Joint Fire Science Program (JFSP) -- Introduction of National Fire Plan -- Demographics Trends in the Eastern US and the Wildland Urban Interface: Implications for Fire Management -- Fire Weather, Climate and Air Quality for Eastern States -- A Review of Wildland Fire and Air Quality Management -- High-Resolution Numerical Models for Smoke Transport in Plumes from Wildland Fires -- Interaction between a Wildfire and a Sea-Breeze Front: Case Study and Idealized Numerical Simulations -- Estimates of Wildland Fire Emissions -- The GOFC/GOLD Fire Mapping and Monitoring theme: assessment and strategic plans -- Integrating remote sensing and surface weather-derived models to monitor the phenology of the terrestrial biosphere -- Fire Fuel Mapping in the National Park Service Northeast Region -- Remote Sensing Applications on Wildland Fires in the Eastern United States -- TBD -- Diurnal and Seasonal Cycles of Land Fires from TRMM Observations -- Fire Research in the New Jersey Pine Barrens -- An Accuracy Assessment of NFDRS dead fuel load estimates across North Carolina&#x2019;s Piedmont and Coastal Plain -- Numerical simulations of grassland fire behavior from the LANL &#x2013; FIRETEC and NIST &#x2013; WFDS models -- Physics-based Modeling of Wildland-urban Interface Fires -- Climate Change and Fire Impacts on Ecosystem Critical Nitrogen Load -- Edge Effects on Fuel Loading and Fire Spread in a Managed Northern Wisconsin Landscape -- The Need for Data Integration to Achieve Forest Sustainability: Modeling and Assessing the Impacts of Wildland Fire on Eastern Landscapes -- Fire spread regulated by weather, landscape structure, and management in Wisconsin hardwoods and New Jersey Pinelands.
=520  \\$aScientists and managers alike need timely, cost-effective, and technically appropriate fire-related information to develop functional strategies for the diverse fire communities. "Remote Sensing Modeling and Applications to Wildland Fires" addresses wildland fire management needs by presenting discussions that link ecology and the physical sciences from local to regional levels, views on integrated decision support data for policy and decision makers, new technologies and techniques, and future challenges and how remote sensing might help to address them. While creating awareness of wildland fire management and rehabilitation issues, hands-on experience in applying remote sensing and simulation modeling is also shared. This book will be a useful reference work for researchers, practitioners and graduate students in the fields of fire science, remote sensing and modeling applications. Professor John J. Qu works at the Department of Geography and GeoInformation Science at George Mason University (GMU), USA.&#xA0; He is the Founder and Director of the Environmental Science and Technology Center (ESTC) and EastFIRE Lab at GMU.
=650  \0$aGeography.
=650  \0$aGeology.
=650  14$aEarth Sciences.
=650  24$aNatural Hazards.
=700  1\$aSommers, William T.$eeditor.
=700  1\$aYang, Ruixin.$eeditor.
=700  1\$aRiebau, Allen R.$eeditor.
=710  2\$aSpringerLink (Online service)
=773  0\$tSpringer eBooks
=776  08$iPrinted edition:$z9783642325298
=856  40$uhttp://dx.doi.org/10.1007/978-3-642-32530-4
=912  \\$aZDB-2-EES
=950  \\$aEarth and Environmental Science (Springer-11646)

