=LDR  02439nam  22004455i 4500
=001  978-3-642-36388-7
=003  DE-He213
=005  20141202231112.0
=007  cr\nn\008mamaa
=008  141201s2013\\\\gw\|\\\\s\\\\||||\0|eng\d
=020  \\$a9783642363887$9978-3-642-36388-7
=024  7\$a10.1007/978-3-642-36388-7$2doi
=050  \4$aQC750-766
=050  \4$aQC764.5-766
=072  \7$aPHK$2bicssc
=072  \7$aSCI038000$2bisacsh
=072  \7$aTEC021000$2bisacsh
=082  04$a538$223
=100  1\$aPan, Shuming.$eauthor.
=245  10$aRare Earth Permanent-Magnet Alloys&#x2019; High Temperature Phase Transformation$h[electronic resource] :$bIn Situ and Dynamic Observation and Its Application in Material Design /$cby Shuming Pan.
=264  \1$aBerlin, Heidelberg :$bSpringer Berlin Heidelberg :$bImprint: Springer,$c2013.
=300  \\$aXXIX, 267 p.$bonline resource.
=336  \\$atext$btxt$2rdacontent
=337  \\$acomputer$bc$2rdamedia
=338  \\$aonline resource$bcr$2rdacarrier
=347  \\$atext file$bPDF$2rda
=505  0\$aThe first generation Rare Earth permanent-magnet alloys-SmCo5 -- The second generation Rare Earth permanent-magnet alloys-Sm(Co, Cu, Fe, Zr)7.4 -- The third generation Rare Earth permanent-magnet alloys-NdFeB -- Development and prospect of Rare Earth permanent-magnet alloys.
=520  \\$aThe process of high temperature phase transition of rare earth permanent-magnet alloys is revealed by photographs taken by high voltage TEM. The relationship between the formation of nanocrystal and magnetic properties is discussed in detail, which effects alloys composition and preparation process. The experiment results verified some presumptions, and were valuable for subsequent scientific research and creating new permanent-magnet alloys. The publication is intended for researchers, engineers and managers in the field of material science, metallurgy, and physics. Prof. Shuming Pan is senior engineer of Beijing General Research Institute of Non-ferrous Metal.
=650  \0$aPhysics.
=650  \0$aMagnetism.
=650  \0$aMaterials.
=650  14$aPhysics.
=650  24$aMagnetism, Magnetic Materials.
=650  24$aMetallic Materials.
=710  2\$aSpringerLink (Online service)
=773  0\$tSpringer eBooks
=776  08$iPrinted edition:$z9783642363870
=856  40$uhttp://dx.doi.org/10.1007/978-3-642-36388-7
=912  \\$aZDB-2-PHA
=950  \\$aPhysics and Astronomy (Springer-11651)

