=LDR  03138nam  22004695i 4500
=001  978-3-642-36748-9
=003  DE-He213
=005  20140423145002.0
=007  cr\nn\008mamaa
=008  140423s2013\\\\gw\|\\\\s\\\\||||\0|eng\d
=020  \\$a9783642367489$9978-3-642-36748-9
=024  7\$a10.1007/978-3-642-36748-9$2doi
=050  \4$aTJ807-830
=072  \7$aTHX$2bicssc
=072  \7$aSCI024000$2bisacsh
=082  04$a621.042$223
=100  1\$aB{uml}oer, Karl W.$eauthor.
=245  10$aHandbook of the Physics of Thin-Film Solar Cells$h[electronic resource] /$cby Karl W. B{uml}oer.
=264  \1$aBerlin, Heidelberg :$bSpringer Berlin Heidelberg :$bImprint: Springer,$c2013.
=300  \\$aXL, 882 p. 451 illus.$bonline resource.
=336  \\$atext$btxt$2rdacontent
=337  \\$acomputer$bc$2rdamedia
=338  \\$aonline resource$bcr$2rdacarrier
=347  \\$atext file$bPDF$2rda
=505  0\$aFrom the Contents: Structure and growth of semiconductors -- Creation and motion of lattice defects -- Photochemical reactions -- Lattice defects, grain boundaries, surfaces, interfaces -- Shallow level centers -- Deep level centers -- Carrier scattering at low fields (phonons, small defects) -- Carrier mobility influenced by large defects -- Highly doped semiconductors -- Drift, diffusion currents and quasi Fermi levels -- Electron statistics, Boltzmann, Fermi-Dirac.-Electron generation and tunneling, quasi Fermi levels.
=520  \\$aThis handbook is a compendium giving a comprehensive description of the basics of semiconductor physics relevant to the design and analysis of thin film solar cell materials. It starts from the basics of material science, describing the material and its growth, defect and electrical properties, the basics of its interaction with photons and the involved statistics, proceeding to space charge effects in semiconductors and pn-junctions. Most attention is given to analyze homo- and hetero-junction solar cells using various models and applying the field-of-direction analysis for discussing current voltage characteristics, and helping to discover the involvement of high-field effects in solar cells. The comprehensive coverage of the main topics of - and relating to - solar cells with extensive reference to literature helps scientists and engineers at all levels to reach a better understanding and im provement of solar cell properties and their production. The author is one of the founders of thin film solar cell research.
=650  \0$aMicrowaves.
=650  \0$aRenewable energy sources.
=650  \0$aSurfaces (Physics).
=650  14$aEnergy.
=650  24$aRenewable and Green Energy.
=650  24$aSemiconductors.
=650  24$aMicrowaves, RF and Optical Engineering.
=650  24$aApplied and Technical Physics.
=650  24$aOptics, Optoelectronics, Plasmonics and Optical Devices.
=650  24$aSurfaces and Interfaces, Thin Films.
=710  2\$aSpringerLink (Online service)
=773  0\$tSpringer eBooks
=776  08$iPrinted edition:$z9783642367472
=856  40$uhttp://dx.doi.org/10.1007/978-3-642-36748-9
=912  \\$aZDB-2-ENE
=950  \\$aEnergy (Springer-40367)

