=LDR  02942nam  22005055i 4500
=001  978-3-642-37874-4
=003  DE-He213
=005  20150113101606.0
=007  cr\nn\008mamaa
=008  150113s2013\\\\gw\|\\\\s\\\\||||\0|eng\d
=020  \\$a9783642378744$9978-3-642-37874-4
=024  7\$a10.1007/978-3-642-37874-4$2doi
=050  \4$aTD172-193.5
=072  \7$aTQK$2bicssc
=072  \7$aSCI026000$2bisacsh
=082  04$a363.737$223
=100  1\$aZhou, Jinsong.$eauthor.
=245  10$aMercury Emission and its Control in Chinese Coal-Fired Power Plants$h[electronic resource] /$cby Jinsong Zhou, Zhongyang Luo, Yanqun Zhu, Mengxiang Fang.
=264  \1$aBerlin, Heidelberg :$bSpringer Berlin Heidelberg :$bImprint: Springer,$c2013.
=300  \\$aApprox. 200 p. 80 illus.$bonline resource.
=336  \\$atext$btxt$2rdacontent
=337  \\$acomputer$bc$2rdamedia
=338  \\$aonline resource$bcr$2rdacarrier
=347  \\$atext file$bPDF$2rda
=490  1\$aAdvanced Topics in Science and Technology in China,$x1995-6819
=505  0\$aMercury Sampling and Measurement in Coal-fired Power Plants -- Mercury Emissions Estimation from Chinese Coal-fired Power Plants -- Mercury Speciation Transformation during Coal Combustion -- Mercury Control and Mercury Stability in Byproducts.
=520  \\$a"Mercury Emission and its Control in Chinese Coal-Fired Power Plants" focuses on investigating mercury emissions samplings and measurement in Chinese coal-fired power plants, mercury emission estimations and future trends, mercury speciation transformation during coal combustion, mercury control and mercury stability in byproducts. The book not only introduces mercury emissions from actual coal-fired power plants, but also presents studies on the mechanism of mercury emission and its control. This is a valuable reference for engineering thermal physicists, thermal engineers, and chemical engineers. Jinsong Zhou, Zhongyang Luo, and Mengxiang Fang are Professors in the College of Mechanical and Energy Engineering, Zhejiang University, China. Yanqun Zhu is Associate Professor in the College of Mechanical and Energy Engineering, Zhejiang University, China.
=650  \0$aEnvironmental sciences.
=650  \0$aElectric engineering.
=650  \0$aBiotechnology.
=650  \0$aEnvironmental pollution.
=650  14$aEnvironment.
=650  24$aIndustrial Pollution Prevention.
=650  24$aEnergy Technology.
=650  24$aEnvironmental Engineering/Biotechnology.
=700  1\$aLuo, Zhongyang.$eauthor.
=700  1\$aZhu, Yanqun.$eauthor.
=700  1\$aFang, Mengxiang.$eauthor.
=710  2\$aSpringerLink (Online service)
=773  0\$tSpringer eBooks
=776  08$iPrinted edition:$z9783642378737
=830  \0$aAdvanced Topics in Science and Technology in China,$x1995-6819
=856  40$uhttp://dx.doi.org/10.1007/978-3-642-37874-4
=912  \\$aZDB-2-EES
=950  \\$aEarth and Environmental Science (Springer-11646)

