=LDR  02495nam  22004335i 4500
=001  978-3-642-38382-3
=003  DE-He213
=005  20150409021952.0
=007  cr\nn\008mamaa
=008  150113s2013\\\\gw\|\\\\s\\\\||||\0|eng\d
=020  \\$a9783642383823$9978-3-642-38382-3
=024  7\$a10.1007/978-3-642-38382-3$2doi
=050  \4$aRD118-120.5
=072  \7$aMNP$2bicssc
=072  \7$aMED085030$2bisacsh
=082  04$a617.952$223
=100  1\$aShi, Bing.$eeditor.
=245  10$aCleft Lip and Palate Primary Repair$h[electronic resource] /$cedited by Bing Shi, Brian C. Sommerlad.
=264  \1$aBerlin, Heidelberg :$bSpringer Berlin Heidelberg :$bImprint: Springer,$c2013.
=300  \\$aXV, 342 p. 250 illus., 150 illus. in color.$bonline resource.
=336  \\$atext$btxt$2rdacontent
=337  \\$acomputer$bc$2rdamedia
=338  \\$aonline resource$bcr$2rdacarrier
=347  \\$atext file$bPDF$2rda
=505  0\$aPart 1. Treatment before Primary Operation -- Part 2. Primary Repair of Complete Unilateral Cleft Lip -- Part 3. Primary Repair of Incomplete Unilateral Cleft Lip -- Part 4 Primary Repair of Bilateral Cleft Lip -- Part 5. Primary Repair of Unilateral Cleft Palate -- Part 6. Primary Repair of Bilateral Cleft Palate -- Part 7. Primary Repair of Incomplete Cleft Palate.
=520  \\$aCleft Lip and Palate Primary Repair introduces the main approaches to cleft lip and palate repaired, including the principles of design, skills and case analysis. Presenting a collection of advanced theories and techniques in this field, richly illustrated and with video clips of the respective operations, it is intended for plastic surgeons, oral surgeons and paediatrics surgeons, as well as for medical students. Bing Shi&#xA0;is a Professor and surgeon at Department of Cleft Lip and Palate Repair in West China Hospital of Stomatology, Sichuan University, China. Brian C. Sommerlad is a Consultant Plastic Surgeon at the North Thames Cleft Center, Great Ormond Street Hospital for Children, UK.
=650  \0$aMedicine.
=650  \0$aSurgery.
=650  14$aMedicine & Public Health.
=650  24$aPlastic Surgery.
=650  24$aOral and Maxillofacial Surgery.
=650  24$aPediatric Surgery.
=700  1\$aSommerlad, Brian C.$eeditor.
=710  2\$aSpringerLink (Online service)
=773  0\$tSpringer eBooks
=776  08$iPrinted edition:$z9783642383816
=856  40$uhttp://dx.doi.org/10.1007/978-3-642-38382-3
=912  \\$aZDB-2-SME
=950  \\$aMedicine (Springer-11650)

