=LDR  02823nam  22004815i 4500
=001  978-3-642-39125-5
=003  DE-He213
=005  20140415130239.0
=007  cr\nn\008mamaa
=008  140415s2013\\\\gw\|\\\\s\\\\||||\0|eng\d
=020  \\$a9783642391255$9978-3-642-39125-5
=024  7\$a10.1007/978-3-642-39125-5$2doi
=050  \4$aQD146-197
=072  \7$aPNK$2bicssc
=072  \7$aSCI013030$2bisacsh
=082  04$a546$223
=100  1\$aTimmel, Christiane R.$eeditor.
=245  10$aStructural Information from Spin-Labels and Intrinsic Paramagnetic Centres in the Biosciences$h[electronic resource] /$cedited by Christiane R. Timmel, Jeffrey R. Harmer.
=264  \1$aBerlin, Heidelberg :$bSpringer Berlin Heidelberg :$bImprint: Springer,$c2013.
=300  \\$aIX, 322 p. 74 illus., 70 illus. in color.$bonline resource.
=336  \\$atext$btxt$2rdacontent
=337  \\$acomputer$bc$2rdamedia
=338  \\$aonline resource$bcr$2rdacarrier
=347  \\$atext file$bPDF$2rda
=490  1\$aStructure and Bonding,$x0081-5993 ;$v152
=505  0\$aPulse Dipolar Electron Spin Resonance: Distance Measurements -- Interpretation of Dipolar EPR Data in Terms of Protein Structure -- Site-Directed Nitroxide Spin Labeling of Biopolymers -- Metal-Based Spin Labeling for Distance Determination -- Structural Information from Spin-Labelled Membrane-Bound Proteins -- Structural Information from Oligonucleotides -- Orientation selective DEER using rigid spin labels, cofactors, metals, and clusters.
=520  \\$aPeter P. Borbat, Jack H. Freed Pulse Dipolar Electron Spin Resonance: Distance Measurements Gunnar Jeschke Interpretation of Dipolar EPR Data in Terms of Protein Structure Sandip A. Shelke and Snorri Th. Sigurdsson Site-Directed Nitroxide Spin Labeling of Biopolymers Daniella Goldfarb Metal-Based Spin Labeling for Distance Determination Johann P. Klare, Heinz-J{uml}urgen Steinhoff Structural Information from Spin-Labelled Membrane-Bound Proteins Richard Ward and Olav Schiemann Structural Information from Oligonucleotides Claudia E. Tait, Alice M. Bowen, Christiane R. Timmel, Jeffrey Harmer rientation selective DEER using rigid spin labels, cofactors, metals, and clusters
=650  \0$aChemistry.
=650  \0$aChemistry, inorganic.
=650  \0$aChemistry, Physical organic.
=650  \0$aBiochemistry.
=650  14$aChemistry.
=650  24$aInorganic Chemistry.
=650  24$aProtein Structure.
=650  24$aPhysical Chemistry.
=700  1\$aHarmer, Jeffrey R.$eeditor.
=710  2\$aSpringerLink (Online service)
=773  0\$tSpringer eBooks
=776  08$iPrinted edition:$z9783642391248
=830  \0$aStructure and Bonding,$x0081-5993 ;$v152
=856  40$uhttp://dx.doi.org/10.1007/978-3-642-39125-5
=912  \\$aZDB-2-CMS
=950  \\$aChemistry and Materials Science (Springer-11644)

