=LDR  04162nam  22005055i 4500
=001  978-3-642-41704-7
=003  DE-He213
=005  20141001043208.0
=007  cr\nn\008mamaa
=008  141001s2013\\\\gw\|\\\\s\\\\||||\0|eng\d
=020  \\$a9783642417047$9978-3-642-41704-7
=024  7\$a10.1007/978-3-642-41704-7$2doi
=050  \4$aHD72-88
=072  \7$aKCM$2bicssc
=072  \7$aBUS092000$2bisacsh
=082  04$a338.9$223
=100  1\$aK{uml}ohn, Doris.$eeditor.
=245  10$aMicrofinance 3.0$h[electronic resource] :$bReconciling Sustainability with Social Outreach and Responsible Delivery /$cedited by Doris K{uml}ohn.
=264  \1$aBerlin, Heidelberg :$bSpringer Berlin Heidelberg :$bImprint: Springer,$c2013.
=300  \\$aXI, 199 p. 38 illus.$bonline resource.
=336  \\$atext$btxt$2rdacontent
=337  \\$acomputer$bc$2rdamedia
=338  \\$aonline resource$bcr$2rdacarrier
=347  \\$atext file$bPDF$2rda
=505  0\$aMicrofinance in India: Lessons from the Andhra Crisis -- Armageddon or Adolescence? Making Sense of Microfinance's Recent Travails -- Core Values of Microfinance Under Scrutiny: Back to Basics? -- Microcredit Interest Rates and Their Determinants: 2004 - 2011 -- Financial Services That Clients Need: The 3.0 Business Models, Reconciling Outreach with Sustainability -- "Microfinance 3.0" - Perspectives for Sustainable Financial Service Delivery -- Microfinance Beyond the Standard? Evaluating Adequacy and Performance of Agricultural Microcredit -- The Role of DFIs in the Emerging 3.0 Responsible Funding Landscape - Responsible Corporate Governance and Beyond -- The Microfinance Approach: Does It Deliver on Its Promise?.
=506  0\$aOpen Access
=520  \\$aThis book focuses on the achievements, current trends and further potential of microfinance to scale-up and serve many more clients with financial services that enable them to improve their living conditions. The book asks what it takes to achieve sustainable impact: to know your clients and to understand their needs, to treat them in a fair and transparent way, and to safeguard the synthesis between the financial and social dimension of sustainable microfinance. The book also sheds light on the future funding landscape and what is necessary to bring more commercial funders on board while ensuring that these new funders will continue the commitment to responsible finance.While being forward looking, the book reflects the debate on core values of microfinance, triggered by recent criticisms of an approach that was hailed as a panacea in the beginning and which had proved over time as one of the most effective models of development finance. These criticisms emerged over signs of overheating in some markets, particularly the 2010 events in Andhra Pradesh, and turned into an assumption of a worldwide microfinance crisis, putting seriously at stake the good reputation microfinance had enjoyed so far. Half of the world, and 80 percent of the poor, are excluded from formal financial services.&#xA0;This means that they have to rely on the age-old, informal alternatives that can be unreliable and expensive. Microfinance 3.0 is a highly welcome contribution to the frontiers of financial inclusion &#x2013; a world in which poor households in the informal economy can access and use the broad range of financial services they need to create livelihoods, smooth consumption, and better manage risks.&#xA0;&#xA0;&#xA0; &#xA0; Tilman Ehrbeck, CEO CGAP (Consultative Group For The Poor) &#xA0;
=650  \0$aEconomics.
=650  \0$aEthics.
=650  \0$aDevelopment Economics.
=650  \0$aEndogenous growth (Economics).
=650  \0$aFinance.
=650  14$aEconomics/Management Science.
=650  24$aDevelopment Economics.
=650  24$aFinancial Economics.
=650  24$aFinance/Investment/Banking.
=650  24$aBusiness Strategy/Leadership.
=650  24$aEthics.
=650  24$aEconomic Growth.
=710  2\$aSpringerLink (Online service)
=773  0\$tSpringer eBooks
=776  08$iPrinted edition:$z9783642417030
=856  40$uhttp://dx.doi.org/10.1007/978-3-642-41704-7
=912  \\$aZDB-2-SBE
=950  \\$aBusiness and Economics (Springer-11643)

