=LDR  03496nam  22004935i 4500
=001  978-88-470-5364-9
=003  DE-He213
=005  20140530124715.0
=007  cr\nn\008mamaa
=008  140530s2013\\\\it\|\\\\s\\\\||||\0|ita\d
=020  \\$a9788847053649$9978-88-470-5364-9
=024  7\$a10.1007/978-88-470-5364-9$2doi
=050  \4$aR895-920
=072  \7$aMMPH$2bicssc
=072  \7$aMMP$2bicssc
=072  \7$aMED008000$2bisacsh
=082  04$a616.0757$223
=100  1\$aCoriasco, Mario.$eauthor.
=245  10$aL&#x2019;immagine digitale in diagnostica per immagini$h[electronic resource] :$bTecniche e applicazioni /$cby Mario Coriasco, Nello Balossino, Osvaldo Rampado, Sergio Rabellino.
=264  \1$aMilano :$bSpringer Milan :$bImprint: Springer,$c2013.
=300  \\$aXIII, 209 pagg.$bonline resource.
=336  \\$atext$btxt$2rdacontent
=337  \\$acomputer$bc$2rdamedia
=338  \\$aonline resource$bcr$2rdacarrier
=347  \\$atext file$bPDF$2rda
=490  1\$aImaging & Formazione,$x2239-2017
=505  0\$a1 Rappresentazione digitale di segnali -- 2 Luce, immagini e visione -- 3 Introduzione all'immagine digitale -- 4 Elaborazione di immagini -- 5 Elaborazioni intrinseche alle metodiche -- 6 La memorizzazione delle immagini digitali.
=520  \\$aIl volume illustra i fondamenti necessari per acquisire, elaborare e valutare le immagini radiologiche con un approccio interdisciplinare, che coniuga contributi di fisica, informatica biomedica e radiologia. Dopo un&#x2019;introduzione al trattamento digitale di segnali e alla psicofisiologia della visione, vengono descritti i parametri caratteristici e gli indicatori di qualit{grave}a delle immagini digitali, passando poi alle principali tecniche di elaborazione delle immagini, sia nel dominio spaziale sia in quello delle frequenze. Sono trattati gli algoritmi per il filtraggio, le tecniche di segmentazione, con dettaglio specifico per le diverse metodiche di imaging, concludendo con una rassegna dei principali formati di memorizzazione tra cui lo standard pi{grave}u diffuso per le immagini ad uso medico, il DICOM. Il testo {grave}e corredato da schede di autovalutazione ed esercizi che permettono di verificare il proprio livello di apprendimento dei concetti affrontati. Inoltre, a complemento dell'opera, il lettore potr{grave}a accedere, tramite un software gratuito, a un vero e proprio laboratorio di elaborazione di immagini con il quale potr{grave}a esercitarsi a riprodurre personalmente gli esempi di elaborazione illustrati. Il volume rappresenta dunque un utile riferimento per i docenti e gli studenti che affrontino la materia, ma il taglio pratico e accessibile lo rende anche un valido strumento di consultazione per tecnici radiologi, specializzandi e medici e tutti coloro che desiderino approfondire le elaborazioni che coinvolgono la diagnostica per immagini.
=650  \0$aMedicine.
=650  \0$aRadiology, Medical.
=650  \0$aComputer vision.
=650  14$aMedicine & Public Health.
=650  24$aImaging / Radiology.
=650  24$aComputer Imaging, Vision, Pattern Recognition and Graphics.
=700  1\$aBalossino, Nello.$eauthor.
=700  1\$aRampado, Osvaldo.$eauthor.
=700  1\$aRabellino, Sergio.$eauthor.
=710  2\$aSpringerLink (Online service)
=773  0\$tSpringer eBooks
=776  08$iPrinted edition:$z9788847053632
=830  \0$aImaging & Formazione,$x2239-2017
=856  40$uhttp://dx.doi.org/10.1007/978-88-470-5364-9
=912  \\$aZDB-2-SME
=950  \\$aMedicine (Springer-11650)

