=LDR  02987nam  22004215i 4500
=001  978-88-7642-429-8
=003  DE-He213
=005  20140513050045.0
=007  cr\nn\008mamaa
=008  140513s2013\\\\it\|\\\\s\\\\||||\0|eng\d
=020  \\$a9788876424298$9978-88-7642-429-8
=024  7\$a10.1007/978-88-7642-429-8$2doi
=050  \4$aQA440-699
=072  \7$aPBM$2bicssc
=072  \7$aMAT012000$2bisacsh
=082  04$a516$223
=100  1\$aBellettini, Giovanni.$eauthor.
=245  10$aLecture Notes on Mean Curvature Flow, Barriers and Singular Perturbations$h[electronic resource] /$cby Giovanni Bellettini.
=264  \1$aPisa :$bScuola Normale Superiore :$bImprint: Edizioni della Normale,$c2013.
=300  \\$aApprox. 350 p.$bonline resource.
=336  \\$atext$btxt$2rdacontent
=337  \\$acomputer$bc$2rdamedia
=338  \\$aonline resource$bcr$2rdacarrier
=347  \\$atext file$bPDF$2rda
=490  1\$aPublications of the Scuola Normale Superiore ;$v12
=505  0\$aSigned distance from a smooth boundary -- Mean curvature vector and second fundamental form -- First variations of volume integrals and of the perimeter -- Smooth mean curvature flows -- Huisken&#x2019;s monotonicity formula -- Inclusion principle. Local well posedness: the approach of Evans&#x2013;Spruck -- Grayson&#x2019;s example -- De Giorgi&#x2019;s barriers -- Inner and outer regularizations -- An example of fattening -- Ilmanen&#x2019;s interposition lemma -- The avoidance principle -- Comparison between barriers and a generalized evolution -- Barriers and level set evolution -- Parabolic singular perturbations: formal matched asymptotics, convergence and error estimate.
=520  \\$aThe aim of the book is to study some aspects of geometric evolutions, such as mean curvature flow and anisotropic mean curvature flow of hypersurfaces. We analyze the origin of such flows and their geometric and variational nature. Some of the most important aspects of mean curvature flow are described, such as the comparison principle and its use in the definition of suitable weak solutions. The anisotropic evolutions, which can be considered as a generalization of mean curvature flow, are studied from the view point of Finsler geometry. Concerning singular perturbations, we discuss the convergence of the Allen&#x2013;Cahn (or Ginsburg&#x2013;Landau) type equations to (possibly anisotropic) mean curvature flow before the onset of singularities in the limit problem. We study such kinds of asymptotic problems also in the static case, showing convergence to prescribed curvature-type problems.
=650  \0$aMathematics.
=650  \0$aGeometry.
=650  14$aMathematics.
=650  24$aGeometry.
=710  2\$aSpringerLink (Online service)
=773  0\$tSpringer eBooks
=776  08$iPrinted edition:$z9788876424281
=830  \0$aPublications of the Scuola Normale Superiore ;$v12
=856  40$uhttp://dx.doi.org/10.1007/978-88-7642-429-8
=912  \\$aZDB-2-SMA
=950  \\$aMathematics and Statistics (Springer-11649)

