=LDR  02039nam  22004095i 4500
=001  978-88-7642-482-3
=003  DE-He213
=005  20141204113039.0
=007  cr\nn\008mamaa
=008  141204s2013\\\\it\|\\\\s\\\\||||\0|eng\d
=020  \\$a9788876424823$9978-88-7642-482-3
=024  7\$a10.1007/978-88-7642-482-3$2doi
=050  \4$aQC770-798
=072  \7$aPHP$2bicssc
=072  \7$aSCI051000$2bisacsh
=082  04$a539.7$223
=100  1\$aPetrucciani, Giovanni.$eauthor.
=245  14$aThe Search for the Higgs Boson at CMS$h[electronic resource] /$cby Giovanni Petrucciani.
=264  \1$aPisa :$bScuola Normale Superiore :$bImprint: Edizioni della Normale,$c2013.
=300  \\$aApprox. 200 p.$bonline resource.
=336  \\$atext$btxt$2rdacontent
=337  \\$acomputer$bc$2rdamedia
=338  \\$aonline resource$bcr$2rdacarrier
=347  \\$atext file$bPDF$2rda
=490  1\$aPublications of the Scuola Normale Superiore ;$v18
=505  0\$aThe standard model of elementary particles and the Higgs boson -- The CMS experiment at the CERN LHC.-&#xA0;Searches for a Higgs boson at CMS, in the different final states -- Statistical analysis for Higgs boson searches -- Results.
=520  \\$aThis book describes the searches that lead to the discovery of a Higgs boson performed at CMS, one of the two main experiments at the CERN LHC. After an overview of the theory and of the CMS experiment, all search channels are described, with emphasis on the ones with the best sensitivity. The statistical methodology used to analyse and the outcomes of the searches and the discovery results are then presented in detail.
=650  \0$aPhysics.
=650  14$aPhysics.
=650  24$aParticle and Nuclear Physics.
=710  2\$aSpringerLink (Online service)
=773  0\$tSpringer eBooks
=776  08$iPrinted edition:$z9788876424816
=830  \0$aPublications of the Scuola Normale Superiore ;$v18
=856  40$uhttp://dx.doi.org/10.1007/978-88-7642-482-3
=912  \\$aZDB-2-SMA
=950  \\$aMathematics and Statistics (Springer-11649)

