=LDR  02557nam  22003735i 4500
=001  978-90-8686-784-4
=003  DE-He213
=005  20140517095841.0
=007  cr\nn\008mamaa
=008  140517s2013\\\\ne\|\\\\s\\\\||||\0|eng\d
=020  \\$a9789086867844$9978-90-8686-784-4
=024  7\$a10.3920/978-90-8686-784-4$2doi
=050  \4$aQH301-705
=072  \7$aPSA$2bicssc
=072  \7$aSCI086000$2bisacsh
=082  04$a570$223
=100  1\$aR{uml}ocklinsberg, Helena.$eeditor.
=245  14$aThe ethics of consumption$h[electronic resource] :$bThe citizen, the market and the law /$cedited by Helena R{uml}ocklinsberg, Per Sandin.
=264  \1$aWageningen :$bWageningen Academic Publishers :$bImprint: Wageningen Academic Publishers,$c2013.
=300  \\$aApprox. 540 p. 34 illus., 3 illus. in color.$bonline resource.
=336  \\$atext$btxt$2rdacontent
=337  \\$acomputer$bc$2rdamedia
=338  \\$aonline resource$bcr$2rdacarrier
=347  \\$atext file$bPDF$2rda
=520  \\$aWe are all consumers. What we consume, how, and how much, has consequences of great moral importance for humans, animals, and the environment. Great challenges lie ahead as we are facing population growth and climate change and reduced availability of fossil fuels. It is often argued that key to meeting those challenges is changing consumption patterns among individual as well as institutions, for instance through reducing meat consumption, switching to organic or fair trade products, boycotting or 'buycotting' certain products, or consuming less overall. There is considerable disagreement regarding how to bring this about, whose responsibility it is, and even whether it is desirable. Is it a question of political initiatives, producer responsibility, the virtues and vices of individual consumers in the developed world, or something else? Many of these issues pose profound intellectual challenges at the intersection of ethics, political philosophy, economics, and several other fields. This publication brings together contributions from scholars in numerous disciplines, including philosophy, law, economics, sociology and animal welfare, who explore the theme of 'the ethics of consumption' from different angles.
=650  \0$aLife sciences.
=650  14$aLife Sciences.
=650  24$aLife Sciences, general.
=700  1\$aSandin, Per.$eeditor.
=710  2\$aSpringerLink (Online service)
=773  0\$tSpringer eBooks
=856  40$uhttp://dx.doi.org/10.3920/978-90-8686-784-4
=912  \\$aZDB-2-SBL
=950  \\$aBiomedical and Life Sciences (Springer-11642)

