=LDR  03649nam  22005535i 4500
=001  978-94-007-5316-7
=003  DE-He213
=005  20150321053148.0
=007  cr\nn\008mamaa
=008  150321s2012\\\\ne\|\\\\s\\\\||||\0|eng\d
=020  \\$a9789400753167$9978-94-007-5316-7
=024  7\$a10.1007/978-94-007-5316-7$2doi
=050  \4$aQH541.5.W3
=050  \4$aQH541.5.F7
=050  \4$aQH541.5.S3
=072  \7$aPSAF$2bicssc
=072  \7$aPSP$2bicssc
=072  \7$aSCI020000$2bisacsh
=072  \7$aSCI039000$2bisacsh
=082  04$a577.6$223
=082  04$a577.7$223
=100  1\$aPurcell, Jennifer.$eeditor.
=245  10$aJellyfish Blooms IV$h[electronic resource] :$bInteractions with humans and fisheries /$cedited by Jennifer Purcell, Hermes Mianzan, Jesscia R. Frost.
=264  \1$aDordrecht :$bSpringer Netherlands :$bImprint: Springer,$c2012.
=300  \\$aVIII, 292 p.$bonline resource.
=336  \\$atext$btxt$2rdacontent
=337  \\$acomputer$bc$2rdamedia
=338  \\$aonline resource$bcr$2rdacarrier
=347  \\$atext file$bPDF$2rda
=490  1\$aDevelopments in Hydrobiology ;$v220
=505  0\$aPART I: JELLYFISH BLOOMS -- PART II: JELLYFISH BLOOMS AND THEIR CONSEQUENCES -- PART III: POTENTIAL CONTROLS ON JELLY POPULATIONS: ENVIRONMENTAL FACTORS, PREDATION, AND PARASITISM -- PART IV: FATE OF JELLYFISH BLOOMS -- PART V: CUBOMEDUSAN BIOLOGY.
=520  \\$aJellyfish generally are considered to be nuisances because they interfere with human activities by stinging swimmers, clogging power plant intakes and nets of fishermen, killing fish in aquaculture pens, and being both predators and competitors of fish. There is concern that environmental changes such as global warming, eutrophication, over-fishing, and coastal construction may benefit jellyfish populations. During this past decade following the first Jellyfish Blooms volume, some species have bloomed more frequently, expanded their range, and caused more problems for humans. Mnemiopsis leidyi, the ctenophore that invaded the Black Sea in the 1980s and damaged fisheries, now also blooms in the North, Baltic, and Mediterranean seas. Nemopilema nomurai, a giant Asian jellyfish, has bloomed frequently during this decade, causing severe damage to the Japanese fishing industry. Jellyfish Blooms: Interactions with Humans and Fisheries is the fourth volume in this series. Syntheses and original research articles address the question if jellyfish have increased globally and what factors may have contributed to the abundance of jellyfish. This volume is the most extensive to date, containing papers from all continents (except Antarctica) on scyphozoans, hydrozoans, cubozoans, staurozoans, and ctenophores, and on the fate of jellyfish blooms. This is a key reference for students and professional marine biologists, oceanographers, and fishery scientists and managers.Previously published in Hydrobiologia, vol. 690, 2012 Previously published in Hydrobiologia, vol. 690, 2012
=650  \0$aLife sciences.
=650  \0$aOceanography.
=650  \0$aAquatic biology.
=650  \0$aMarine Sciences.
=650  14$aLife Sciences.
=650  24$aFreshwater & Marine Ecology.
=650  24$aMarine & Freshwater Sciences.
=650  24$aOceanography.
=700  1\$aMianzan, Hermes.$eeditor.
=700  1\$aFrost, Jesscia R.$eeditor.
=710  2\$aSpringerLink (Online service)
=773  0\$tSpringer eBooks
=776  08$iPrinted edition:$z9789400753150
=830  \0$aDevelopments in Hydrobiology ;$v220
=856  40$uhttp://dx.doi.org/10.1007/978-94-007-5316-7
=912  \\$aZDB-2-SBL
=950  \\$aBiomedical and Life Sciences (Springer-11642)

